<?xml version="1.0" encoding="UTF-8"?><collection><record><leader>06393ntm a2200673 a 4500</leader><controlfield tag="001">006816085</controlfield><controlfield tag="003">MiAaHDL</controlfield><controlfield tag="005">20200516000000.0</controlfield><controlfield tag="006">m        d        </controlfield><controlfield tag="007">cr bn ---auaua</controlfield><controlfield tag="008">090611s1463    xx            00| ||per d</controlfield><datafield tag="035" ind1=" " ind2=" "><subfield code="a">(MiU)006816085</subfield></datafield><datafield tag="035" ind1=" " ind2=" "><subfield code="a">sdr-miu006816085</subfield></datafield><datafield tag="040" ind1=" " ind2=" "><subfield code="a">MiU</subfield><subfield code="c">MiU</subfield><subfield code="e">amremm</subfield></datafield><datafield tag="043" ind1=" " ind2=" "><subfield code="a">n-us-mi</subfield></datafield><datafield tag="100" ind1="0" ind2=" "><subfield code="6">880-01</subfield><subfield code="a">Fattāḥī,</subfield><subfield code="d">-approximately 1448.</subfield></datafield><datafield tag="245" ind1="1" ind2="0"><subfield code="6">880-03</subfield><subfield code="a">[Dīvān-i Fattāḥī ...etc.,</subfield><subfield code="f">868, i.e. 1463].</subfield></datafield><datafield tag="246" ind1="3" ind2=" "><subfield code="i">Title from inscription on 'title page' (p.1):</subfield><subfield code="a">دیوان اسرار</subfield></datafield><datafield tag="246" ind1="3" ind2=" "><subfield code="i">Title from inscription on 'title page' (p.1):</subfield><subfield code="a">دیوان خماری</subfield></datafield><datafield tag="260" ind1=" " ind2=" "><subfield code="c">[1463].</subfield></datafield><datafield tag="300" ind1=" " ind2=" "><subfield code="a">88 leaves :</subfield><subfield code="b">paper ;</subfield><subfield code="c">160 x 120 (105 x 67) mm.</subfield></datafield><datafield tag="500" ind1=" " ind2=" "><subfield code="a">Shelfmark: Ann Arbor, University of Michigan, Special Collections Research Center, Isl. Ms. 344</subfield></datafield><datafield tag="500" ind1=" " ind2=" "><subfield code="a">Origin: As appears in colophon on p.172, copied by Ḥusayn ibn Shams al-Ḥusaynī al-Jurjānī with transcription completed in haste ("ʻalá sabīl al-istiʻjāl...") Rabīʻ II 868 [November-December 1463].</subfield></datafield><datafield tag="500" ind1=" " ind2=" "><subfield code="a">Former shelfmark: "447 T. De M. [i.e. Tammaro De Marinis]" inscribed in pencil on 'title page' (p.1).</subfield></datafield><datafield tag="500" ind1=" " ind2=" "><subfield code="a">Binding: Pasteboards covered in dark red-brown leather ; Type II binding (with flap) ; doublures in brown leather with gold-painted central ornament (four-petalled flower), rule-border and accents, as well as border in blind rules ; upper and lower covers carry central blind-tooled scalloped mandorla having fleurons in the manner of a three-sepaled calyx at the upper and lower extremities and filled with interlace pattern (compare Weisweiler W 89-95) all defined in a simple gold-painted rule, as well as tooled border in a series of rules and s-shaped stamps ; sewn in light blue thread, two stations ; overall in fair condition with some abrasion and staining, lifting of leather, etc.</subfield></datafield><datafield tag="500" ind1=" " ind2=" "><subfield code="a">Support: non-European (likely Persian) laid paper with 9 laid lines per cm. (horizontal, faint, somewhat indistinct) and grouped chain lines faintly visible (likely in pairs), sturdy and well-burnished, dark cream in color.</subfield></datafield><datafield tag="500" ind1=" " ind2=" "><subfield code="a">Decoration: Headings chrysographed.</subfield></datafield><datafield tag="500" ind1=" " ind2=" "><subfield code="a">Script: Nastaʻlīq ; exquisite hand ; serifless, with effect of words descending to baseline, closed counters, and elongated horizontal strokes.</subfield></datafield><datafield tag="500" ind1=" " ind2=" "><subfield code="a">Layout: Written in 11-12 lines per page, mainly divided to two columns ; frame-ruled.</subfield></datafield><datafield tag="500" ind1=" " ind2=" "><subfield code="a">Collation: III (6), III+1 (13), III (19), II (23), IV (31), I (33), III (39), 3 IV(63), III (69), VIII+1 (86), I (88) ; miscellany of ternions, quaternions, etc. ; catchwords occasionally present ; pagination in pencil, Western numerals, supplied during digitization.</subfield></datafield><datafield tag="500" ind1=" " ind2=" "><subfield code="a">Colophon: "Scribal," triangular, in Arabic, reads "وقد وقع الفراغ من هذه الديوان على سبيل الاستعجال بيد اضعف عباد الله الغنى حسين بن شمس الحسينى الجرجانى تجاوز الله عن سيائه وذلك فى شهر ربيع الثانى لسنه ثمان وستين وثمانمائة هجرية"</subfield></datafield><datafield tag="500" ind1=" " ind2=" "><subfield code="a">Explicit: "چون تو بر اسرار دیماهی [؟] علیم ختم شد استغفر الله العظیم"</subfield></datafield><datafield tag="500" ind1=" " ind2=" "><subfield code="a">Incipit: [Dīvān-i Fattāḥī] "شراب عشق صافی گشت در خمخانه دلها الا یا ایها الساقی ادر کاسا و ناولها ..." ; [Muntakhab-i Shabistān-i khayāl] "بعد از لوازم توبه واستغفار ..."</subfield></datafield><datafield tag="500" ind1=" " ind2=" "><subfield code="a">Title from inscription on 'title page' (p.1).</subfield></datafield><datafield tag="500" ind1=" " ind2=" "><subfield code="a">Ms. codex.</subfield></datafield><datafield tag="505" ind1="0" ind2=" "><subfield code="a">6. p.156-p.176 : [further verses opening "بنام آهنگ از خمهای افلاک شراب فیض فطرت ریخت بر خاک " and likely comprising Dīvān-i Khumārī mentioned on the title page].</subfield></datafield><datafield tag="505" ind1="0" ind2=" "><subfield code="a">5. p.153-p.155 : [blank].</subfield></datafield><datafield tag="505" ind1="0" ind2=" "><subfield code="a">4. p.65-p.152 : [further poems, likely comprising the Dīvān-i asrār mentioned on the title page].</subfield></datafield><datafield tag="505" ind1="0" ind2=" "><subfield code="a">3. p.58-p.65 : [Muntakhab-i Shabistān-i khayāl] / Ḥakīm al-Dīn al-Asrārī.</subfield></datafield><datafield tag="505" ind1="0" ind2=" "><subfield code="a">2. p.54-p.57 : [blank].</subfield></datafield><datafield tag="505" ind1="0" ind2=" "><subfield code="a">1. p.2-p.53 : [Dīvān-i Fattāḥī] / Muḥammad Yaḥyá ibn Sībak.</subfield></datafield><datafield tag="510" ind1="4" ind2=" "><subfield code="a">Cat. Pers. MSS. Brit. Mus.,</subfield><subfield code="c">p.741</subfield></datafield><datafield tag="520" ind1="8" ind2=" "><subfield code="a">Elegant copy of the Dīvān of Muḥammad Yaḥyá ibn Sībak (d. 1448 or 9), known mainly as Fattāḥī, as well as Tuffāḥī, Asrārī or Khumārī, accompanied by other excerpts.</subfield></datafield><datafield tag="538" ind1=" " ind2=" "><subfield code="a">Mode of access: Internet.</subfield></datafield><datafield tag="541" ind1=" " ind2=" "><subfield code="c">Purchase ;</subfield><subfield code="a">Acquired by purchase (funds donated by Horace Rackham).</subfield><subfield code="d">1924.</subfield></datafield><datafield tag="546" ind1=" " ind2=" "><subfield code="a">Persian.</subfield></datafield><datafield tag="561" ind1=" " ind2=" "><subfield code="a">Inscription in pencil on 'title page' (p.1) "447 T. De M. [i.e. Tammaro De Marinis]" ; several former owners' marks on 'title page' (p.1) (some effaced) including large circular seal impression (appearing twice), statements naming one شيخ افندى and one خليل, ownership statement in name of Abū Bakr ibn Rustam ibn Aḥmad al-Shirwānī = al-Shirvānī (من كتب ابي بكر بن رستم بن احمد الشروانى), ownership statement in name of one Ḥusayn Nasīm [?] Rashīd (حسين نسيم [؟] رشيد ) dated 5 Shawwāl 1244 [ca. 10 April 1829], and ownership statement in name of one Aḥmad ʻIrfān ( احمد عرفان ) dated 5 Rajab 1266 [ca. 17 May 1850] and accompanied by oval / circular seal impression with inscription "السيد احمد عرفان" also dated 1266.</subfield></datafield><datafield tag="650" ind1=" " ind2="0"><subfield code="a">Manuscripts, Persian</subfield><subfield code="z">Michigan</subfield><subfield code="z">Ann Arbor.</subfield></datafield><datafield tag="650" ind1=" " ind2="0"><subfield code="a">Persian poetry</subfield><subfield code="y">747-1500.</subfield></datafield><datafield tag="700" ind1="0" ind2=" "><subfield code="a">Abdülhamid</subfield><subfield code="b">II,</subfield><subfield code="c">Sultan of the Turks,</subfield><subfield code="d">1842-1918,</subfield><subfield code="e">former owner.</subfield></datafield><datafield tag="700" ind1="0" ind2=" "><subfield code="6">880-08</subfield><subfield code="a">Aḥmad ʻIrfān,</subfield><subfield code="d">fl. 1850,</subfield><subfield code="e">former owner.</subfield></datafield><datafield tag="700" ind1="0" ind2=" "><subfield code="6">880-06</subfield><subfield code="a">Abū Bakr ibn Rustam ibn Aḥmad al-Shirwānī,</subfield><subfield code="d">d.1723,</subfield><subfield code="e">former owner.</subfield></datafield><datafield tag="700" ind1="0" ind2=" "><subfield code="6">880-05</subfield><subfield code="a">Ḥusayn ibn Shams al-Ḥusaynī al-Jurjānī,</subfield><subfield code="d">fl. 1463,</subfield><subfield code="e">scribe.</subfield></datafield><datafield tag="773" ind1="0" ind2=" "><subfield code="a">Abdul Hamid Collection.</subfield></datafield><datafield tag="880" ind1="0" ind2=" "><subfield code="6">700-08/</subfield><subfield code="a">احمد عرفان,</subfield><subfield code="e">مالك سابق.</subfield></datafield><datafield tag="880" ind1="0" ind2=" "><subfield code="6">700-06/</subfield><subfield code="a">ابو بكر بن رستم بن احمد الشرواني،</subfield><subfield code="e">مالك سابق.</subfield></datafield><datafield tag="880" ind1="0" ind2=" "><subfield code="6">700-05/</subfield><subfield code="a">حسين بن شمس الحسينى الجرجانى,</subfield><subfield code="e">ناسخ.</subfield></datafield><datafield tag="880" ind1="1" ind2="0"><subfield code="6">245-03/</subfield><subfield code="a">[دیوان فتاحی ... الخ,</subfield><subfield code="f">868ه, 1463م].</subfield></datafield><datafield tag="880" ind1="0" ind2=" "><subfield code="6">100-01/</subfield><subfield code="a">فتاحى.</subfield></datafield><datafield tag="CID" ind1=" " ind2=" "><subfield code="a">006816085</subfield></datafield><datafield tag="DAT" ind1="0" ind2=" "><subfield code="a">20200516040433.0</subfield><subfield code="b">20200516000000.0</subfield></datafield><datafield tag="DAT" ind1="1" ind2=" "><subfield code="a">20200516090505.0</subfield><subfield code="b">2020-05-16T16:17:28Z</subfield></datafield><datafield tag="DAT" ind1="2" ind2=" "><subfield code="a">2015-10-02T18:00:03Z</subfield></datafield><datafield tag="CAT" ind1=" " ind2=" "><subfield code="a">SDR-MIU</subfield><subfield code="d">EX LIBRIS - ALEPH</subfield><subfield code="l">prepare.pl-004-008</subfield></datafield><datafield tag="FMT" ind1=" " ind2=" "><subfield code="a">BK</subfield></datafield><datafield tag="HOL" ind1=" " ind2=" "><subfield code="0">sdr-miu006816085</subfield><subfield code="a">MiU</subfield><subfield code="b">SDR</subfield><subfield code="c">MIU</subfield><subfield code="p">mdp.39015079129642</subfield><subfield code="s">MIU</subfield><subfield code="1">006816085</subfield></datafield><datafield tag="974" ind1=" " ind2=" "><subfield code="b">MIU</subfield><subfield code="c">MIU</subfield><subfield code="d">20200516</subfield><subfield code="s">lit-dlps-dc</subfield><subfield code="u">mdp.39015079129642</subfield><subfield code="y">1463</subfield><subfield code="r">pd</subfield><subfield code="q">bib</subfield><subfield code="t">non-US bib date1 &lt; 1896</subfield></datafield></record></collection>